<?xml version="1.0" encoding="UTF-8"?><collection xmlns="http://www.loc.gov/MARC21/slim"><record><leader>00431nam--2200169-i-4500</leader><controlfield tag="001">000012047</controlfield><controlfield tag="002">20161230</controlfield><controlfield tag="005">20170222150740</controlfield><controlfield tag="008">060222s1000------------r-----000-0-eng-d</controlfield><datafield ind1=" " ind2=" " tag="080"><subfield code="a">530.145.6</subfield></datafield><datafield ind1=" " ind2=" " tag="100"><subfield code="a">Brillouin, Leon</subfield></datafield><datafield ind1=" " ind2=" " tag="245"><subfield code="a">Propagation des ondes dans les milieux perio diques</subfield></datafield><datafield ind1=" " ind2=" " tag="260"><subfield code="a">Paris</subfield><subfield code="b">Mason Et Cie</subfield><subfield code="c">1956</subfield></datafield><datafield ind1=" " ind2=" " tag="300"><subfield code="a">347 p</subfield></datafield><datafield ind1=" " ind2=" " tag="700"><subfield code="a">Parodi, Maurice</subfield></datafield><datafield ind1=" " ind2=" " tag="852"><subfield code="a">11725</subfield></datafield><datafield ind1=" " ind2=" " tag="CAT"><subfield code="a">SYS</subfield><subfield code="c">20170222</subfield><subfield code="h">150740</subfield></datafield></record></collection>